%%
%% original references of the template
@book{albach.GdE1,
	author={Manfred Albach},
	title={{Grundlagen der Elektrotechnik 1}},
	publisher={Pearson Studium},
	year={2005}
}

@book{albach.GdE2,
	author={Manfred Albach},
	title={{Grundlagen der Elektrotechnik 2}},
	publisher={Pearson Studium},
	year={2005}
}
 

@book{werner.SuS, 
	author={Martin Werner}, 
	title={{Signale und Systeme}}, 
	abstract={Das   Buch  Signale   und   Systeme  tr{\"a}gt   den
                  Entwicklungen in der modernen Informationstechnik
  		  Rechnung,  indem es  die  klassischen Methoden  straff
                  behandelt und der digitalen Signalverarbeitung und den
                  Anwendungen    der Wahrscheinlichkeitsrechnung der
                  Informationstechnik breiteren Raum gibt.}, 
	publisher={Vieweg Verlag}, 
	year={2002}, 
	edition={2.}, 
	note={{ISBN 978-3-528-13929-2}} 
} 

@misc{bibTeX.manual,
        author={Oren Patashnik},
        title={{Bib\TeX ing}},
        year={1988},
        note={{\newline\texttt{http://amath.colorado.edu/documentation/LaTeX/reference/faq/bibtex.pdf}}}
}

@misc{latex.symbols,
author={Scott Pakin},
title={{The Comprehensive \LaTeX\ Symbol List}},
year = 2009,
note={{\newline\texttt{http://www.ctan.org/tex-archive/info/symbols/comprehensive/symbols-a4.pdf}}}
}

%% Martins Literature

@phdthesis{sauer2009optimierung,
	title={Optimierung des Einsatzes von Blei-S{\"a}ure-Akkumulatoren in Photovoltaik-Hybrid-Systemen unter spezieller Ber{\"u}cksichtigung der Batteriealterung},
	author={Sauer, Dirk Uwe},
	year={2009},
	school={Universit{\"a}t Ulm}
	note={\url{file:///home/mulles/Documents/2020_Documents/UNI/Master/Beuth_Berlin/Semester_4_SS2021_Masterarbeit/2021_LibreSolar/Latex/Literature/Diss_Sauer_OCR.pdf}}
	label={test}
}

@article{malkhandi2006fuzzy,
	title={Fuzzy logic-based learning system and estimation of state-of-charge of lead-acid battery},
	author={Malkhandi, Souradip},
	journal={Engineering Applications of Artificial Intelligence},
	volume={19},
	number={5},
	pages={479--485},
	year={2006},
	publisher={Elsevier}
	note={\url{file:///home/mulles/Documents/2020_Documents/UNI/Master/Beuth_Berlin/Semester_4_SS2021_Masterarbeit/2021_LibreSolar/Latex/Literature/Fuzzy logic-based learning system and estimation of SOC of lead-acid battery.pdf}}
}


@article{wang2019fuzzy,
	title={Fuzzy prediction of power lithium ion battery state of function based on the fuzzy c-means clustering algorithm},
	author={Wang, Dasong and Yang, Feng and Gan, Lin and Li, Yuliang},
	journal={World Electric Vehicle Journal},
	volume={10},
	number={1},
	pages={1},
	year={2019},
	publisher={Multidisciplinary Digital Publishing Institute}
}


%% Emiles Literatures

@article{jimenez2020performance,
	title={Performance analysis of a stirling engine hybrid power system},
	author={Jimenez Zabalaga, Pablo and Cardozo, Evelyn and Choque Campero, Luis A and Araoz Ramos, Joseph Adhemar},
	journal={Energies},
	volume={13},
	number={4},
	pages={980},
	year={2020},
	publisher={Multidisciplinary Digital Publishing Institute}
}



